
    <zs:record>
      <zs:recordSchema/>
      <zs:recordPacking>xml</zs:recordPacking>
      <zs:recordData>
        <record xmlns="http://www.loc.gov/MARC21/slim">
          <leader>01080cam a2200301u  4500</leader>
          <controlfield tag="001">9621802</controlfield>
          <controlfield tag="005">20210302155352.0</controlfield>
          <controlfield tag="008">830210m18921899xx ac   a     000 0aeng  </controlfield>
          <datafield tag="906" ind1=" " ind2=" ">
            <subfield code="a">0</subfield>
            <subfield code="b">cbc</subfield>
            <subfield code="c">premunv</subfield>
            <subfield code="d">u</subfield>
            <subfield code="e">ncip</subfield>
            <subfield code="f">19</subfield>
            <subfield code="g">y-gencatlg</subfield>
          </datafield>
          <datafield tag="035" ind1=" " ind2=" ">
            <subfield code="9">(DLC)   08023793</subfield>
          </datafield>
          <datafield tag="010" ind1=" " ind2=" ">
            <subfield code="a">   08023793 </subfield>
          </datafield>
          <datafield tag="040" ind1=" " ind2=" ">
            <subfield code="a">DLC</subfield>
            <subfield code="c">CarP</subfield>
            <subfield code="d">DLC</subfield>
          </datafield>
          <datafield tag="043" ind1=" " ind2=" ">
            <subfield code="a">e-uk---</subfield>
          </datafield>
          <datafield tag="050" ind1="1" ind2="0">
            <subfield code="a">DA377.2.V5</subfield>
            <subfield code="b">A18</subfield>
          </datafield>
          <datafield tag="050" ind1="0" ind2="0">
            <subfield code="a">Microfilm 19748 DA</subfield>
          </datafield>
          <datafield tag="100" ind1="1" ind2=" ">
            <subfield code="a">Verney, Frances Parthenope,</subfield>
            <subfield code="d">1819-1890,</subfield>
            <subfield code="e">compiler.</subfield>
          </datafield>
          <datafield tag="245" ind1="1" ind2="0">
            <subfield code="a">Memoirs of the Verney family ...</subfield>
          </datafield>
          <datafield tag="260" ind1=" " ind2=" ">
            <subfield code="a">London and New York,</subfield>
            <subfield code="b">Longmans, Green, and co.,</subfield>
            <subfield code="c">1892-99.</subfield>
          </datafield>
          <datafield tag="300" ind1=" " ind2=" ">
            <subfield code="a">4 v.</subfield>
            <subfield code="b">fronts., illus., ports., fascims.</subfield>
            <subfield code="c">22 cm.</subfield>
          </datafield>
          <datafield tag="583" ind1=" " ind2=" ">
            <subfield code="a">Replace;</subfield>
            <subfield code="z">LC copy replaced by preservation microfilm</subfield>
            <subfield code="5">DLC</subfield>
          </datafield>
          <datafield tag="600" ind1="3" ind2="0">
            <subfield code="a">Verney family.</subfield>
          </datafield>
          <datafield tag="651" ind1=" " ind2="0">
            <subfield code="a">Great Britain</subfield>
            <subfield code="x">History</subfield>
            <subfield code="y">Stuarts, 1603-1714</subfield>
            <subfield code="v">Biography.</subfield>
          </datafield>
          <datafield tag="651" ind1=" " ind2="0">
            <subfield code="a">Great Britain</subfield>
            <subfield code="x">History</subfield>
            <subfield code="y">Stuarts, 1603-1714</subfield>
            <subfield code="v">Sources.</subfield>
          </datafield>
          <datafield tag="651" ind1=" " ind2="0">
            <subfield code="a">Buckinghamshire (England)</subfield>
            <subfield code="v">Biography.</subfield>
          </datafield>
          <datafield tag="700" ind1="1" ind2=" ">
            <subfield code="a">Verney, Margaret Maria,</subfield>
            <subfield code="d">1844-1930.</subfield>
          </datafield>
          <datafield tag="985" ind1=" " ind2=" ">
            <subfield code="g">pmosl</subfield>
          </datafield>
          <datafield tag="985" ind1=" " ind2=" ">
            <subfield code="e">mvp</subfield>
            <subfield code="f">zz01</subfield>
          </datafield>
          <datafield tag="991" ind1=" " ind2=" ">
            <subfield code="b">c-MicRR</subfield>
            <subfield code="h">Microfilm 19748 DA</subfield>
            <subfield code="t">Copy 1</subfield>
            <subfield code="w">PREM</subfield>
          </datafield>
        </record>
      </zs:recordData>
      <zs:recordPosition>2</zs:recordPosition>
    </zs:record>